@TechReport{AbrahamLuna2021,
  author      = {Abraham Luna C. and Gisela Domínguez G. and Sergio Alejandro Colombres F. and Gilberto Garista Fragoso},
  institution = {Instituto Nacional de Astrofísica, Óptica y Electrónica (INAOE)},
  title       = {Manual de Construcción de un Radiotelescopio en la Banda de 12 GHz para Usos Docentes},
  note        = {© Coordinación de Astrofísica, INAOE},
  type        = {Reporte Técnico},
  address     = {Luis Enrique Erro 1, Sta. Ma. Tonantzintla, 72840, Puebla, México},
  year        = {2021},
}

@TechReport{Gallardo2021,
  author       = {José Gallardo and Ignacio Toledo and Pablo Torres},
  title        = {Manual de Radioastronomía ALMA en la Escuela},
  note         = {Basado en “El Universo Invisible” de Universe Awareness (UNAWE) y “Explorando nuestros orígenes cósmicos” del Observatorio Europeo Austral (ESO). Traducción al español por Ney Fernández y la Unidad de Astronomía de la Universidad de Antofagasta.},
  url          = {https://www.eso.org/public/archives/education/pdf/edu_0071.pdf},
  designer     = {Alejandro Peredo},
  editor       = {Valeria Foncea},
  organization = {ALMA, ESO, NAOJ, NRAO},
  year         = {2021},
}

@Thesis{Penaloza2023,
  author  = {Jaime Pinzón Peñaloza and Julieth Camila Cabrera Bernal},
  title   = {Construcción de un radiotelescopio pequeño para la exploración solar en centros de interés},
  type    = {Trabajo de grado},
  advisor = {María Cristin Cifuentes Arcila},
  school  = {Universidad Pedagógica Nacional},
  year    = {2023},
}

@Online{GobiernoMexico2024,
  author = {{Gobierno de México}},
  title  = {Inauguran la 16ª edición de la Escuela de Astronomía Observacional para Estudiantes Latinoamericanos},
  url    = {https://www.inaoep.mx/noticias/?noticia=1154&anio=2024},
  note   = {Consultado el 30 de marzo de 2025},
  year   = {2024},
}

@InProceedings{Anzola2024,
  author       = {Bryan Martinez Anzola and Camila Pérez Angulo and Laura Sofía Cortés Rodríguez and Laura Yeraldin Herrera Martinez and María Alejandra Amariles Rivera and Michael Stiven Castillo Torres and Samuel Esteban Parede Benavides},
  booktitle    = {Congreso Colombiano de Astronomía y Astrofísica},
  title        = {Construcción de un radiotelescopio para analizar el Sol en la banda de 12GHz},
  note         = {Presentado en el Congreso Colombiano de Astronomía y Astrofísica, 2024},
  organization = {Universidad Distrital Francisco José de Caldas},
  entrytype    = {Poster},
  id           = {91},
  year         = {2024},
}

@Unpublished{MenorAdame2018,
  author   = {Menor Adame, Daniel},
  title    = {Dise{\~n}o de un radiotelescopio de bajo coste basado en tecnolog{\'i}as de radio definida por software},
  language = {spanish},
  note     = {No Publicado},
  url      = {https://oa.upm.es/55238/},
  address  = {Madrid},
  keywords = {Radioastronom{\'i}a},
  month    = {12},
  year     = {2018},
}

@Online{Vaquerizo2010,
  author       = {Juan Ángel Vaquerizo},
  date         = {2010-05},
  title        = {{PARTNeR: Radioastronomía desde el aula}},
  url          = {https://www.madrimasd.org/partner-radioastronomia-desde-aula},
  note         = {Consultado el 30 de marzo de 2025},
  howpublished = {Fundación para el Conocimiento Madrid, Centro de Astrobiología CSIC-INTA},
  month        = {05},
  year         = {2010},
}

@Article{AIDCT2011,
  author   = {{Agencia Iberoamericana para la Difusión de la Ciencia y la Tecnología}},
  title    = {{INAOE, BUAP y Victorinox México firman convenio de colaboración para construir telescopios para escuelas}},
  note     = {Consultado el 30 de marzo de 2025},
  url      = {https://www.dicyt.com/noticias/inaoe-buap-y-victorinox-mexico-firman-convenio-de-colaboracion-para-construir-telescopios-para-escuelas},
  day      = {21},
  journal  = {Ciencias Sociales México},
  location = {Santa María Tonantzintla, México},
  month    = {09},
  year     = {2011},
}

@Article{BoletinesBUAP2021,
  author  = {{Boletines BUAP}},
  title   = {{Del Aula al Universo, un telescopio para cada escuela, un programa que acerca los astros a los jóvenes}},
  note    = {Consultado el 30 de marzo de 2025},
  url     = {https://www.boletin.buap.mx/node/1971},
  day     = {13},
  journal = {Boletines BUAP},
  month   = {04},
  year    = {2021},
}

@book{wilson2013radioastronomy,
  author    = {T. L. Wilson and K. Rohlfs and S. H{\"u}ttemeister},
  title     = {Tools of Radio Astronomy},
  edition   = {6},
  year      = {2013},
  publisher = {Springer},
  isbn      = {978-3-642-39949-7}
}

@thesis{ordonez2018radiotelescopio,
  author    = {Ordoñez Toro, N. J.},
  title     = {Construcción de un radiotelescopio de 83 centímetros de diámetro en la banda de 12 gigahercios en el Observatorio Astronómico de la Universidad de Nariño},
  year      = {2018},
  school    = {Universidad de Nariño, Facultad de Ciencias Exactas y Naturales, Departamento de Física},
  type      = {Trabajo de grado}
}

@online{ventanas2017ondas,
  author    = {{Ventanas al Universo}},
  title     = {Ondas de Radio},
  year      = {2017},
  url       = {https://www.windows2universe.org/spanish/teacher_resources/radio_waves.html},
  note      = {Blog sitio web. Consultado el 6 de abril de 2025}
}

@misc{maslowweb,
  author       = {{Colegio Abraham Maslow}},
  title        = {Reconocimientos del Colegio Abraham Maslow},
  howpublished = {\url{https://colegiomaslow.edu.co/reconocimientos/}},
  note         = {Consultado el 17 de mayo de 2025},
  year         = {2019}
}

@misc{astroandes,
  author       = {{Colegio Empresarial Los Andes}},
  title        = {Observatorio Astronómico Astroandes},
  howpublished = {\url{https://colegioempresarial.edu.co/observatorio-astronomico/}},
  note         = {Consultado el 17 de mayo de 2025},
  year         = {2025}
}

@misc{manyanetweb,
  author       = {{Colegio Padre Manyanet Bogotá}},
  title        = {Observatorio Astronómico "La estrella de Belén"},
  howpublished = {\url{https://www.manyanetbog.edu.co/astronomia}},
  note         = {Consultado el 17 de mayo de 2025},
  year         = {2025}
}

  @misc{calasanzastro,
  author       = {{Colegio Calasanz Bogotá}},
  title        = {Semillero de Astronomía},
  howpublished = {\url{https://ccb.edu.co/semillero-de-astronomia/}},
  note         = {Consultado el 17 de mayo de 2025},
  year         = {2024}
}

  @misc{mariecurieweb,
  author       = {{Gimnasio Bilingüe Campestre Marie Curie}},
  title        = {Gimnasio Bilingüe Campestre Marie Curie},
  howpublished = {\url{https://gimnasiomariecurie.edu.co/gbcmc/}},
  note         = {Consultado el 17 de mayo de 2025},
  year         = {2025}
}

  @misc{astrofest2023,
  author       = {{Universidad Sergio Arboleda}},
  title        = {AstroFest: un evento para acercar a los estudiantes de colegio a las ciencias exactas y la astronomía},
  howpublished = {\url{https://www.usergioarboleda.edu.co/noticias/astrofest-un-evento-para-acercar-a-los-estudiantes-de-colegio-a-las-ciencias-exactas-y-la-astronomia/}},
  note         = {Consultado el 17 de mayo de 2025},
  year         = {2023}
}

  @misc{liceocafamweb,
  author       = {{Liceo Campestre Cafam}},
  title        = {Liceo Campestre Cafam},
  howpublished = {\url{https://www.portalliceo.com/index.php}},
  note         = {Consultado el 17 de mayo de 2025},
  year         = {2025}
}

  @misc{maximinoweb,
  author       = {{Colegio Bilingüe Maximino Poitiers}},
  title        = {Colegio Bilingüe Maximino Poitiers},
  howpublished = {\url{https://losmejorescolegios.com/co/colegio/colegio-bilingue-maximino-poitiers-bogota/}},
  note         = {Consultado el 17 de mayo de 2025},
  year         = {2025}
}

  @misc{sabiduriaweb,
  author       = {{Colegio Nuestra Señora de la Sabiduría}},
  title        = {Colegio Nuestra Señora de la Sabiduría},
  howpublished = {\url{https://colsabibogota.edu.co/}},
  note         = {Consultado el 17 de mayo de 2025},
  year         = {2025}
}

  @misc{agustiniano_tagaste,
  author       = {{Colegio Agustiniano Tagaste}},
  title        = {Colegio Agustiniano Tagaste},
  howpublished = {\url{https://www.agustinianotagaste.edu.co/}},
  note         = {Consultado el 17 de mayo de 2025},
  year         = {2025}
}

  @misc{sedbogota,
  author       = {{Secretaría de Educación de Bogotá}},
  title        = {Secretaría de Educación de Bogotá},
  year         = {2025},
  url          = {https://www.educacionbogota.edu.co/},
  note         = {Consultado el 17 de mayo de 2025}
}

  @misc{sed2023,
  author       = {{Secretaría de Educación de Bogotá}},
  title        = {La astronomía llegó este año a 21 mil estudiantes de colegios oficiales de Bogotá},
  year         = {2023},
  url          = {https://www.educacionbogota.edu.co/portal_institucional/index.php/noticia/la-astronomia-llego-este-ano-21-mil-estudiantes-de-colegios-oficiales-de-bogota},
  note         = {Consultado el 17 de mayo de 2025}
}
@misc{atenea2024,
  author       = {{Agencia Distrital para la Educación Superior, la Ciencia y la Tecnología - Atenea}},
  title        = {Bogotá Científica},
  year         = {2024},
  url          = {https://www.agenciaatenea.gov.co/gerencia-ctei-ciencia-tecnologia-e-innovacion/bogota-cientifica},
  note         = {Consultado el 17 de mayo de 2025}
}

  @misc{minciencias2024,
  author       = {{Ministerio de Ciencia, Tecnología e Innovación - Minciencias}},
  title        = {Donaciones para proyectos científicos y de apropiación social del conocimiento},
  url          = {https://minciencias.gov.co/donaciones},
  note         = {Consultado el 17 de mayo de 2025}
}

  @misc{reca2025,
  author       = {{Red Colombiana de Astronomía (RECA)}},
  title        = {La astronomía va a tu colegio},
  url          = {https://www.astroreca.org/colegios},
  note         = {Consultado el 17 de mayo de 2025}
}

@Comment{jabref-meta: databaseType:biblatex;}
