@TechReport{AbrahamLuna2021,
  author      = {Abraham Luna C. and Gisela Domínguez G. and Sergio Alejandro Colombres F. and Gilberto Garista Fragoso},
  institution = {Instituto Nacional de Astrofísica, Óptica y Electrónica (INAOE)},
  title       = {Manual de Construcción de un Radiotelescopio en la Banda de 12 GHz para Usos Docentes},
  note        = {© Coordinación de Astrofísica, INAOE},
  type        = {Reporte Técnico},
  address     = {Luis Enrique Erro 1, Sta. Ma. Tonantzintla, 72840, Puebla, México},
  year        = {2021},
}

@TechReport{Gallardo2021,
  author       = {José Gallardo and Ignacio Toledo and Pablo Torres},
  title        = {Manual de Radioastronomía ALMA en la Escuela},
  note         = {Basado en “El Universo Invisible” de Universe Awareness (UNAWE) y “Explorando nuestros orígenes cósmicos” del Observatorio Europeo Austral (ESO). Traducción al español por Ney Fernández y la Unidad de Astronomía de la Universidad de Antofagasta.},
  url          = {https://www.eso.org/public/archives/education/pdf/edu_0071.pdf},
  designer     = {Alejandro Peredo},
  editor       = {Valeria Foncea},
  organization = {ALMA, ESO, NAOJ, NRAO},
  year         = {2021},
}

@Thesis{Penaloza2023,
  author  = {Jaime Pinzón Peñaloza and Julieth Camila Cabrera Bernal},
  title   = {Construcción de un radiotelescopio pequeño para la exploración solar en centros de interés},
  type    = {Trabajo de grado},
  advisor = {María Cristin Cifuentes Arcila},
  school  = {Universidad Pedagógica Nacional},
  year    = {2023},
}

@Online{GobiernoMexico2024,
  author = {{Gobierno de México}},
  title  = {Inauguran la 16ª edición de la Escuela de Astronomía Observacional para Estudiantes Latinoamericanos},
  url    = {https://www.inaoep.mx/noticias/?noticia=1154&anio=2024},
  note   = {Consultado el 30 de marzo de 2025},
  year   = {2024},
}

@InProceedings{Anzola2024,
  author       = {Bryan Martinez Anzola and Camila Pérez Angulo and Laura Sofía Cortés Rodríguez and Laura Yeraldin Herrera Martinez and María Alejandra Amariles Rivera and Michael Stiven Castillo Torres and Samuel Esteban Parede Benavides},
  booktitle    = {Congreso Colombiano de Astronomía y Astrofísica},
  title        = {Construcción de un radiotelescopio para analizar el Sol en la banda de 12GHz},
  note         = {Presentado en el Congreso Colombiano de Astronomía y Astrofísica, 2024},
  organization = {Universidad Distrital Francisco José de Caldas},
  entrytype    = {Poster},
  id           = {91},
  year         = {2024},
}

@Unpublished{MenorAdame2018,
  author   = {Menor Adame, Daniel},
  title    = {Dise{\~n}o de un radiotelescopio de bajo coste basado en tecnolog{\'i}as de radio definida por software},
  language = {spanish},
  note     = {No Publicado},
  url      = {https://oa.upm.es/55238/},
  abstract = {En este proyecto tratamos de dise{\~n}ar y de construir un radiotelescopio de bajo coste basado en tecnolog{\'i}as de radio definida por software, es decir, SDR. La idea es utilizar hardware de bajo coste, con la intenci{\'o}n de demostrar que se puede realizar la aproximaci{\'o}n al mundo de la radioastronom{\'i}a de una manera aproximada a como lo har{\'i}a una persona con m{\'a}s medios. Todo este hardware se ver{\'a} respaldado por el software Matlab, con el que podremos realizar los c{\'a}lculos oportunos que puedan requerir los datos que obtengamos en las medidas. Dado que nuestro radiotelescopio se dedica a captar y no a recibir, no interfiere en otros posibles sistemas que est{\'e}n instalados en sus inmediaciones. Se han llevado a cabo varias medidas de las propuestas principales. La medida del Sol, que ha sido la primera, ha resultado exitosa para nuestros intereses, y se ha podido demostrar lo que se pretend{\'i}a. Con ayuda de los resultados de esa primera medida, se ha podido caracterizar el primer dise{\~n}o del radiotelescopio. La {\'u}ltima de las medidas, la medida del Hidr{\'o}geno, no podemos darla como un {\'e}xito, dado que no se ha obtenido lo que se pretend{\'i}a observar con la nueva configuraci{\'o}n del radiotelescopio. Con estos resultados, podemos concluir que el primer dise{\~n}o ha sido un {\'e}xito y que se puede realizar un acercamiento razonable para ciertas medidas. Que la segunda medida haya fallado, nos hace pensar que, para medidas un poco m{\'a}s complejas, como ha sido esta segunda, quiz{\'a} el desembolso que se ha realizado en el dise{\~n}o tenga que ser ligeramente superior, dado que puede requerir de alg{\'u}n componente extra o simplemente sustituir los componentes menos espec{\'i}ficos que tenemos por alguno un poco m{\'a}s concreto para la medida que se quiera llevara a cabo, adem{\'a}s de sustituir el amplificador que no funciona de la forma que se esperaba para nuestra medida. Adem{\'a}s, por esta precisa raz{\'o}n, es razonable pensar que ciertamente se puede llegar{\'a} a conseguir el objetivo de este proyecto (ya que en parte se ha conseguido), y por tanto se abren muchas posibilidades y l{\'i}neas que se pueden explorar en un futuro para poder realizar un mejor acercamiento a la idea que pretende demostrar este proyecto. Abstract: In this project, we try to design and build a low cost radio telescope based on software defined radio technologies, SDR. The idea is to use low cost hardware, with the intention of demonstrating that the approach to the radio astronomy world can be approximated in a way that a person with more means would. All this hardware will be supported by Matlab software, with which we can perform the appropriate calculations that may require the data we obtain in the measurements. Since our radio telescope is dedicated to capturing and not receiving, it does not interfere with other possible systems that are installed in its vicinity. Several measures of the main proposals have been carried out. The measurement of the Sun, which has been the first, has been successful for our interests, and it has been possible to demonstrate what was intended. With the help of the results of this first measure, the first design of the radio telescope has been characterized. The last of the measures, the measurement of hydrogen, we cannot give as a success, since it has not been obtained what was intended to observe with the new configuration of the radio telescope. With these results, we can conclude that the first design has been a success and that a reasonable approach can be made for certain measures. That the second measure has failed, makes us think that, for slightly more complex measures, as this second one has been, the disbursement that has been made in the design may have to be slightly higher, since it may require some extra component or simply replace the less specific components that we have by some a little more concrete for the measure that you want to carry out, in addition to replacing the amplifier that does not work in the way that was expected for our measurement. In addition, for this precise reason, it is reasonable to think that it is possible to achieve the objective of this project (since it has been partially achieved), and therefore many possibilities and lines are open that can be explored in the future to be able to make a better approach to the idea that aims to demonstrate this project.},
  address  = {Madrid},
  keywords = {Radioastronom{\'i}a},
  month    = {12},
  year     = {2018},
}

@Online{Vaquerizo2010,
  author       = {Juan Ángel Vaquerizo},
  date         = {2010-05},
  title        = {{PARTNeR: Radioastronomía desde el aula}},
  url          = {https://www.madrimasd.org/partner-radioastronomia-desde-aula},
  note         = {Consultado el 30 de marzo de 2025},
  howpublished = {Fundación para el Conocimiento Madrid, Centro de Astrobiología CSIC-INTA},
  month        = {05},
  year         = {2010},
}

@Article{AIDCT2011,
  author   = {{Agencia Iberoamericana para la Difusión de la Ciencia y la Tecnología}},
  title    = {{INAOE, BUAP y Victorinox México firman convenio de colaboración para construir telescopios para escuelas}},
  note     = {Consultado el 30 de marzo de 2025},
  url      = {https://www.dicyt.com/noticias/inaoe-buap-y-victorinox-mexico-firman-convenio-de-colaboracion-para-construir-telescopios-para-escuelas},
  day      = {21},
  journal  = {Ciencias Sociales México},
  location = {Santa María Tonantzintla, México},
  month    = {09},
  year     = {2011},
}

@Article{BoletinesBUAP2021,
  author  = {{Boletines BUAP}},
  title   = {{Del Aula al Universo, un telescopio para cada escuela, un programa que acerca los astros a los jóvenes}},
  note    = {Consultado el 30 de marzo de 2025},
  url     = {https://www.boletin.buap.mx/node/1971},
  day     = {13},
  journal = {Boletines BUAP},
  month   = {04},
  year    = {2021},
}

@book{wilson2013radioastronomy,
  author    = {T. L. Wilson and K. Rohlfs and S. H{\"u}ttemeister},
  title     = {Tools of Radio Astronomy},
  edition   = {6},
  year      = {2013},
  publisher = {Springer},
  isbn      = {978-3-642-39949-7}
}

@thesis{ordonez2018radiotelescopio,
  author    = {Ordoñez Toro, N. J.},
  title     = {Construcción de un radiotelescopio de 83 centímetros de diámetro en la banda de 12 gigahercios en el Observatorio Astronómico de la Universidad de Nariño},
  year      = {2018},
  school    = {Universidad de Nariño, Facultad de Ciencias Exactas y Naturales, Departamento de Física},
  type      = {Trabajo de grado}
}


@Comment{jabref-meta: databaseType:biblatex;}
