@Book{Anderson,
  author    = {Anderson, David Ray and Sweeney, Dennis J. and Williams, Thomas M. and Camm, Jeffrey D. and Cochran, James J.},
  title     = {Quantitative Methods for Business (with Printed Access Card)},
  isbn      = {9780840062338},
  pages     = {936},
  publisher = {Cengage Learning},
}

@Book{Enders2015,
  author    = {Enders, Walter},
  date      = {2015},
  title     = {Applied econometric time series},
  edition   = {Fourth edition},
  isbn      = {9781118808566},
  location  = {Hoboken, NJ},
  note      = {Hier auch später erschienene, unveränderte Nachdrucke},
  pagetotal = {485},
  publisher = {Wiley},
  ppn_gvk   = {1612888119},
}

@Comment{jabref-meta: databaseType:biblatex;}
