@TechReport{AbrahamLuna2021,
  author      = {Abraham Luna C. and Gisela Domínguez G. and Sergio Alejandro Colombres F. and Gilberto Garista Fragoso},
  date        = {2021},
  institution = {Instituto Nacional de Astrofísica, Óptica y Electrónica (INAOE)},
  title       = {Manual de Construcción de un Radiotelescopio en la Banda de 12 GHz para Usos Docentes},
  location    = {Luis Enrique Erro 1, Sta. Ma. Tonantzintla, 72840, Puebla, México},
  note        = {© Coordinación de Astrofísica, INAOE},
  type        = {Reporte Técnico},
}

@TechReport{Gallardo2021,
  author       = {José Gallardo and Ignacio Toledo and Pablo Torres},
  date         = {2021},
  title        = {Manual de Radioastronomía ALMA en la Escuela},
  note         = {Basado en “El Universo Invisible” de Universe Awareness (UNAWE) y “Explorando nuestros orígenes cósmicos” del Observatorio Europeo Austral (ESO). Traducción al español por Ney Fernández y la Unidad de Astronomía de la Universidad de Antofagasta.},
  url          = {https://www.eso.org/public/archives/education/pdf/edu_0071.pdf},
  designer     = {Alejandro Peredo},
  editor       = {Valeria Foncea},
  organization = {ALMA, ESO, NAOJ, NRAO},
}

@Thesis{Penaloza2023,
  author      = {Jaime Pinzón Peñaloza and Julieth Camila Cabrera Bernal},
  date        = {2023},
  institution = {Universidad Pedagógica Nacional},
  title       = {Construcción de un radiotelescopio pequeño para la exploración solar en centros de interés},
  type        = {Trabajo de grado},
  advisor     = {María Cristin Cifuentes Arcila},
}

@Online{Mexico2024,
  author = {Gobierno de México},
  date   = {2024},
  title  = {Inauguran la 16ª edición de la Escuela de Astronomía Observacional para Estudiantes Latinoamericanos},
  url    = {https://www.inaoep.mx/noticias/?noticia=1154&anio=2024},
  note   = {Consultado el 30 de marzo de 2025},
}

@InProceedings{Anzola2024,
  author       = {Bryan Martinez Anzola and Camila Pérez Angulo and Laura Sofía Cortés Rodríguez and Laura Yeraldin Herrera Martinez and María Alejandra Amariles Rivera and Michael Stiven Castillo Torres and Samuel Esteban Parede Benavides},
  booktitle    = {Congreso Colombiano de Astronomía y Astrofísica},
  title        = {Construcción de un radiotelescopio para analizar el Sol en la banda de 12GHz},
  note         = {Presentado en el Congreso Colombiano de Astronomía y Astrofísica, 2024},
  organization = {Universidad Distrital Francisco José de Caldas},
  entrytype    = {Poster},
  id           = {91},
  year         = {2024},
}

@Unpublished{MenorAdame2018,
  author   = {Menor Adame, Daniel},
  date     = {2018-12},
  title    = {Diseño de un radiotelescopio de bajo coste basado en tecnologías de radio definida por software},
  language = {spanish},
  location = {Madrid},
  note     = {No Publicado},
  url      = {https://oa.upm.es/55238/},
  keywords = {Radioastronomía},
}

@Online{Vaquerizo2010,
  author       = {Juan Ángel Vaquerizo},
  date         = {2010-05},
  title        = {PARTNeR: Radioastronomía desde el aula},
  url          = {https://www.madrimasd.org/partner-radioastronomia-desde-aula},
  note         = {Consultado el 30 de marzo de 2025},
  howpublished = {Fundación para el Conocimiento Madrid, Centro de Astrobiología CSIC-INTA},
}

@Article{DifusiondelaCienciaylaTecnologia2011,
  author       = {Agencia Iberoamericana para la Difusión de la Ciencia y la Tecnología},
  date         = {2011-09-21},
  journaltitle = {Ciencias Sociales México},
  title        = {INAOE, BUAP y Victorinox México firman convenio de colaboración para construir telescopios para escuelas},
  note         = {Consultado el 30 de marzo de 2025},
  url          = {https://www.dicyt.com/noticias/inaoe-buap-y-victorinox-mexico-firman-convenio-de-colaboracion-para-construir-telescopios-para-escuelas},
  day          = {21},
  location     = {Santa María Tonantzintla, México},
}

@Article{BoletinesBUAP2021,
  author  = {{Boletines BUAP}},
  title   = {{Del Aula al Universo, un telescopio para cada escuela, un programa que acerca los astros a los jóvenes}},
  note    = {Consultado el 30 de marzo de 2025},
  url     = {https://www.boletin.buap.mx/node/1971},
  day     = {13},
  journal = {Boletines BUAP},
  month   = {04},
  year    = {2021},
}

@Book{Wilson2013,
  author    = {T. L. Wilson and K. Rohlfs and S. Hüttemeister},
  date      = {2013},
  title     = {Tools of Radio Astronomy},
  edition   = {6},
  isbn      = {978-3-642-39949-7},
  publisher = {Springer},
}

@Thesis{OrdonezToro2018,
  author      = {Ordoñez Toro, N. J.},
  date        = {2018},
  institution = {Universidad de Nariño, Facultad de Ciencias Exactas y Naturales, Departamento de Física},
  title       = {Construcción de un radiotelescopio de 83 centímetros de diámetro en la banda de 12 gigahercios en el Observatorio Astronómico de la Universidad de Nariño},
  type        = {Trabajo de grado},
}

@Online{Universo2017,
  author = {Ventanas al Universo},
  date   = {2017},
  title  = {Ondas de Radio},
  url    = {https://www.windows2universe.org/spanish/teacher_resources/radio_waves.html},
  note   = {Blog sitio web. Consultado el 6 de abril de 2025},
}

@Online{Nacional2016,
  author  = {Ministerio De Educación Nacional and John Fredy Fonseca},
  date    = {2016-10-24},
  title   = {Listado Colegios Bogota | Datos abiertos Colombia},
  url     = {https://www.datos.gov.co/d/qijw-htwa},
  urldate = {2025-05-01},
}

@Book{Kraus1950,
  author = {John D. Kraus},
  date   = {1950-12},
  title  = {Antennas for all applications},
  url    = {https://ci.nii.ac.jp/ncid/BA54605392},
}

@Online{Arduino2025,
  author       = {Arduino},
  date         = {2025},
  title        = {About Arduino},
  url          = {https://www.arduino.cc/en/about/},
  organization = {Arduino},
  urldate      = {2025-05-18},
}

@Article{Horowitz1990,
  author       = {Horowitz, Paul and Hill, Winfield and Rollefson, R. J.},
  date         = {1990-07},
  journaltitle = {American Journal of Physics},
  title        = {The art of electronics},
  doi          = {10.1119/1.16385},
  number       = {7},
  pages        = {702–703},
  volume       = {58},
}

@Online{ITU2025,
  author = {International Telecommunication Union (ITU)},
  date   = {2025},
  title  = {ITU: Committed to connecting the world},
  url    = {https://www.itu.int/en/Pages/default.aspx},
}

@Article{Thapelo2021,
  author       = {Thapelo, Tsaone Swaabow and Namoshe, Molaletsa and Matsebe, Oduetse and Motshegwa, Tshiamo and Bopape, Mary-Jane Morongwa},
  date         = {2021},
  journaltitle = {Data Science Journal},
  title        = {SASSCAL WebSAPI: A Web Scraping Application Programming Interface to Support Access to SASSCAL’s Weather Data},
  doi          = {10.5334/dsj-2021-024},
  issn         = {1683-1470},
  volume       = {20},
  publisher    = {Ubiquity Press, Ltd.},
}

@misc{maslowweb,
  author       = {{Colegio Abraham Maslow}},
  title        = {Reconocimientos del Colegio Abraham Maslow},
  howpublished = {\url{https://colegiomaslow.edu.co/reconocimientos/}},
  note         = {Consultado el 17 de mayo de 2025},
  year         = {2019}
}

@misc{astroandes,
  author       = {{Colegio Empresarial Los Andes}},
  title        = {Observatorio Astronómico Astroandes},
  howpublished = {\url{https://colegioempresarial.edu.co/observatorio-astronomico/}},
  note         = {Consultado el 17 de mayo de 2025},
  year         = {2025}
}

@misc{manyanetweb,
  author       = {{Colegio Padre Manyanet Bogotá}},
  title        = {Observatorio Astronómico "La estrella de Belén"},
  howpublished = {\url{https://www.manyanetbog.edu.co/astronomia}},
  note         = {Consultado el 17 de mayo de 2025},
  year         = {2025}
}

@misc{calasanzastro,
  author       = {{Colegio Calasanz Bogotá}},
  title        = {Semillero de Astronomía},
  howpublished = {\url{https://ccb.edu.co/semillero-de-astronomia/}},
  note         = {Consultado el 17 de mayo de 2025},
  year         = {2024}
}

@misc{mariecurieweb,
  author       = {{Gimnasio Bilingüe Campestre Marie Curie}},
  title        = {Gimnasio Bilingüe Campestre Marie Curie},
  howpublished = {\url{https://gimnasiomariecurie.edu.co/gbcmc/}},
  note         = {Consultado el 17 de mayo de 2025},
  year         = {2025}
}

@misc{astrofest2023,
  author       = {{Universidad Sergio Arboleda}},
  title        = {AstroFest: un evento para acercar a los estudiantes de colegio a las ciencias exactas y la astronomía},
  howpublished = {\url{https://www.usergioarboleda.edu.co/noticias/astrofest-un-evento-para-acercar-a-los-estudiantes-de-colegio-a-las-ciencias-exactas-y-la-astronomia/}},
  note         = {Consultado el 17 de mayo de 2025},
  year         = {2023}
}

@misc{liceocafamweb,
  author       = {{Liceo Campestre Cafam}},
  title        = {Liceo Campestre Cafam},
  howpublished = {\url{https://www.portalliceo.com/index.php}},
  note         = {Consultado el 17 de mayo de 2025},
  year         = {2025}
}

@misc{maximinoweb,
  author       = {{Colegio Bilingüe Maximino Poitiers}},
  title        = {Colegio Bilingüe Maximino Poitiers},
  howpublished = {\url{https://losmejorescolegios.com/co/colegio/colegio-bilingue-maximino-poitiers-bogota/}},
  note         = {Consultado el 17 de mayo de 2025},
  year         = {2025}
}

@misc{sabiduriaweb,
  author       = {{Colegio Nuestra Señora de la Sabiduría}},
  title        = {Colegio Nuestra Señora de la Sabiduría},
  howpublished = {\url{https://colsabibogota.edu.co/}},
  note         = {Consultado el 17 de mayo de 2025},
  year         = {2025}
}

@misc{agustiniano_tagaste,
  author       = {{Colegio Agustiniano Tagaste}},
  title        = {Colegio Agustiniano Tagaste},
  howpublished = {\url{https://www.agustinianotagaste.edu.co/}},
  note         = {Consultado el 17 de mayo de 2025},
  year         = {2025}
}

@misc{sedbogota,
  author       = {{Secretaría de Educación de Bogotá}},
  title        = {Secretaría de Educación de Bogotá},
  year         = {2025},
  url          = {https://www.educacionbogota.edu.co/},
  note         = {Consultado el 17 de mayo de 2025}
}

@misc{sed2023,
  author       = {{Secretaría de Educación de Bogotá}},
  title        = {La astronomía llegó este año a 21 mil estudiantes de colegios oficiales de Bogotá},
  year         = {2023},
  url          = {https://www.educacionbogota.edu.co/portal_institucional/index.php/noticia/la-astronomia-llego-este-ano-21-mil-estudiantes-de-colegios-oficiales-de-bogota},
  note         = {Consultado el 17 de mayo de 2025}
}
@misc{atenea2024,
  author       = {{Agencia Distrital para la Educación Superior, la Ciencia y la Tecnología - Atenea}},
  title        = {Bogotá Científica},
  year         = {2024},
  url          = {https://www.agenciaatenea.gov.co/gerencia-ctei-ciencia-tecnologia-e-innovacion/bogota-cientifica},
  note         = {Consultado el 17 de mayo de 2025}
}

@misc{minciencias2024,
  author       = {{Ministerio de Ciencia, Tecnología e Innovación - Minciencias}},
  title        = {Donaciones para proyectos científicos y de apropiación social del conocimiento},
  url          = {https://minciencias.gov.co/donaciones},
  note         = {Consultado el 17 de mayo de 2025}
}

@misc{reca2025,
  author       = {{Red Colombiana de Astronomía (RECA)}},
  title        = {La astronomía va a tu colegio},
  url          = {https://www.astroreca.org/colegios},
  note         = {Consultado el 17 de mayo de 2025}
}
@misc{ud_2022_acuerdo012,
  author       = {{Consejo Académico, Universidad Distrital Francisco José de Caldas}},
  title        = {{Acuerdo N° 012 (Diciembre 13 de 2022): ``Por el cual se reglamenta el trabajo de grado para los programas de nivel tecnológico y nivel profesional (pregrado) de la Universidad Distrital Francisco José de Caldas''}},
  year         = {2022},
  month        = dec,
  institution  = {Universidad Distrital Francisco José de Caldas},
  note         = {Disponible en línea en los archivos institucionales o normativas académicas},
}

@online{sanviator_web,
  author       = {{Colegio San Viator Bogotá}},
  title        = {Colegio San Viator Bogotá},
  year         = {2025},
  url          = {https://sanviator.edu.co/es/},
  note         = {Sitio web consultado en julio de 2025},
}

@online{liceocervantes_web,
  author       = {{Liceo Cervantes Bogotá}},
  title        = {Enfoque Pedagógico - Propuesta Pedagógica},
  year         = {2025},
  url          = {https://liceocervantes.edu.co/propuesta-pedagogica/enfoque-pedagogico/},
  note         = {Sitio web consultado en julio de 2025},
}

@online{abrahamlincoln_web,
  author       = {{Colegio Abraham Lincoln Bogotá}},
  title        = {Nuestro Horizonte Institucional 2022–2023},
  year         = {2025},
  url          = {https://abrahamlincoln.edu.co/nuestro-horizonte-institucional-2022-2023/},
  note         = {Sitio web consultado en julio de 2025},
}
@Comment{jabref-meta: databaseType:biblatex;}
