@TechReport{AbrahamLuna2021,
  author      = {Abraham Luna C. and Gisela Domínguez G. and Sergio Alejandro Colombres F. and Gilberto Garista Fragoso},
  institution = {Instituto Nacional de Astrofísica, Óptica y Electrónica (INAOE)},
  title       = {Manual de Construcción de un Radiotelescopio en la Banda de 12 GHz para Usos Docentes},
  note        = {© Coordinación de Astrofísica, INAOE},
  type        = {Reporte Técnico},
  address     = {Luis Enrique Erro 1, Sta. Ma. Tonantzintla, 72840, Puebla, México},
  year        = {2021},
}

@TechReport{Gallardo2021,
  author       = {José Gallardo and Ignacio Toledo and Pablo Torres},
  title        = {Manual de Radioastronomía ALMA en la Escuela},
  note         = {Basado en “El Universo Invisible” de Universe Awareness (UNAWE) y “Explorando nuestros orígenes cósmicos” del Observatorio Europeo Austral (ESO). Traducción al español por Ney Fernández y la Unidad de Astronomía de la Universidad de Antofagasta.},
  url          = {https://www.eso.org/public/archives/education/pdf/edu_0071.pdf},
  designer     = {Alejandro Peredo},
  editor       = {Valeria Foncea},
  organization = {ALMA, ESO, NAOJ, NRAO},
  year         = {2021},
}

@Thesis{Penaloza2023,
  author  = {Jaime Pinzón Peñaloza and Julieth Camila Cabrera Bernal},
  title   = {Construcción de un radiotelescopio pequeño para la exploración solar en centros de interés},
  type    = {Trabajo de grado},
  advisor = {María Cristin Cifuentes Arcila},
  school  = {Universidad Pedagógica Nacional},
  year    = {2023},
}

@Online{GobiernoMexico2024,
  author = {{Gobierno de México}},
  title  = {Inauguran la 16ª edición de la Escuela de Astronomía Observacional para Estudiantes Latinoamericanos},
  url    = {https://www.inaoep.mx/noticias/?noticia=1154&anio=2024},
  note   = {Consultado el 30 de marzo de 2025},
  year   = {2024},
}

@InProceedings{Anzola2024,
  author       = {Bryan Martinez Anzola and Camila Pérez Angulo and Laura Sofía Cortés Rodríguez and Laura Yeraldin Herrera Martinez and María Alejandra Amariles Rivera and Michael Stiven Castillo Torres and Samuel Esteban Parede Benavides},
  booktitle    = {Congreso Colombiano de Astronomía y Astrofísica},
  title        = {Construcción de un radiotelescopio para analizar el Sol en la banda de 12GHz},
  note         = {Presentado en el Congreso Colombiano de Astronomía y Astrofísica, 2024},
  organization = {Universidad Distrital Francisco José de Caldas},
  entrytype    = {Poster},
  id           = {91},
  year         = {2024},
}

@Comment{jabref-meta: databaseType:biblatex;}
